@book{tlb,

author = {Mark J. {van der Laan} and
                Sherri Rose},

title = {Targeted Learning: Causal Inference for Observational and Experimental Data},

publisher = {Springer Science \& Business Media},

year = {2011}
}

@article{karlanAndValdivia2011,

author = {Dean Karlan and
                Mart\'{i}n Valdivia},

title = {Teaching Entrepreneurship: Impact of Business Training on Microfinance Clients and Institutions},

journal = {Review of Economics and Statistics},

volume = {93},

number = {2},

pages = {510-527},

year = {2011},

month = {May}

}

@techreport{valdivia2011,

author = {Mart\'{i}n Valdivia},

title = {Traning or Technical Assistance? A Field Experiment to Learn
what Works to Increase Managerial Capital for Female
Microentrepreneurs},

institution = {World Bank},

type = {Report},

year = {2011},

month = {March},

url = {http://siteresources.worldbank.org/INTGENDER/Resources/336003-1303333954789/final_report_bustraining_BM_march31.pdf}

}

@article{drexler2014,

author = {Alejandro Drexler and
               Greg Fischer and
	       Antoinette Schoar},

title = {Keeping It Simple: Financial Literacy and Rules of Thumb},

journal = {American Economic Journal: Applied Economics},

volume = {6},

number = {2},

year = {2014},

month = {April},

pages = {1-31},

doi = {10.1257/app.6.2.1},

url = {http://www.aeaweb.org/articles?id=10.1257/app.6.2.1}

}

@techreport{berge2011,

author = {Lars Ivar Oppedal Berge and
                Kjetil Bjorvatn and
		Bertil Tungodden},

title = {Human and financial capital for microenterprise development:
Evidence from a field and lab experiment},

institution = {Norges Handelsh{\o}yskole (Norwegian School of Economics and Business Administration), Institutt for Samfunns{\o}konomi (Department of Economics)},

type = {Discussion paper},

series = {Working papers},

year = {2011},

month = {January},

day = {21},

url = {http://www.sv.uio.no/esop/english/publications/unpublished-works/working-papers/2011/tungodden\%202011\%20tanzania.pdf}

}


@techreport{deMelEtAl2012,

 title = {The demand for, and consequences of, formalization among informal firms in Sri Lanka},
 
 author = {Suresh {De Mel} and
                David McKenzie and
		Christopher Woodruff},
 
 institution = {National Bureau of Economic Research},
 
 type = {Working Paper},
 
 series = {Working Paper Series},
 
 number = {18019},
 
 year = {2012},
 
 month = {April},
 
 doi = {10.3386/w18019},
 
 url = {http://www.nber.org/papers/w18019}
}

@online{brookings,

author = {Gemma Ahaibwe and
               Swaibu Mbowa},

title = {Youth Unemployment Challenge in Uganda and the Role of Employment Policies in Jobs Creation},

year = {2014},

month = {August},

day = {26},

url = {https://www.brookings.edu/blog/africa-in-focus/2014/08/26/youth-unemployment-challenge-in-uganda-and-the-role-of-employment-policies-in-jobs-creation/},

note = {[Online; accessed 6-May-2018]}

}

@online{eprc,

author = {Madina Guloba and
               Miriam Katunze},

title = {The need to focus on the growing number of underemployed persons in Ugandaâ€™s labour force},

year = {2017},

month = {April},

day = {17},

url = {http://eprcug.org/blog/549-the-need-to-focus-on-the-growing-number-of-underemployed-persons-in-uganda-s-labour-force},

note = {[Online; accessed 6-May-2018]}

}